% thesisbib.bib--bibliography database for Bibtex

@article{Design-of-Packed-Absorption-Column,
author = {Joseph, Cornelius and Lebnebiso, John and Adejoh, Zakariah Adu},
year = {2023},
month = {01},
pages = {},
title = {Development of a Computer Software for Design of Packed Absorption Column}
}

@book{yu2014huagong,
  author    = {喻健良},
  title     = {化工设备机械基础},
  year      = {2014},
  publisher = {大连理工大学出版社},
  address   = {大连},
  language  = {chinese},
  month     = {9}
}

@book{xia2012huagong1,
  author    = {夏清 and 贾绍义},
  title     = {化工原理.上册},
  edition   = {第2版},
  year      = {2012},
  publisher = {天津大学出版社},
  address   = {天津},
  language  = {chinese},
  month     = {1}
}

@book{chai2015huagong,
  author    = {柴诚敬 and 贾绍义},
  title     = {化工原理课程设计},
  year      = {2015},
  publisher = {高等教育出版社},
  address   = {北京},
  language  = {chinese},
  month     = {10}
}

@book{xia2012huagong2,
  author    = {夏清 and 贾绍义},
  title     = {化工原理.下册},
  edition   = {第2版},
  year      = {2012},
  publisher = {天津大学出版社},
  address   = {天津},
  language  = {chinese},
  month     = {1}
}

@book{zheng2022huagong,
  author    = {郑育英},
  title     = {化工原理课程设计},
  year      = {2022},
  publisher = {化学工业出版社},
  address   = {北京},
  language  = {chinese},
  month     = {2}
}

@book{chen2017huagong,
  author    = {陈英南 and 刘玉兰},
  title     = {常用化工单元设备的设计},
  edition   = {第2版},
  year      = {2017},
  publisher = {华东理工大学出版社},
  address   = {上海},
  language  = {chinese},
  month     = {6}
}

@book{latexrumen,
  author    = {刘海洋},
  title     = {\LaTeX{}入门},
  year      = {2013},
  publisher = {电子工业出版社},
  address   = {北京},
  isbn      = {978-7-121-20208-7},
  language  = {chinese}
}

@standard{gbt7714-2005,
  author   = {{中国国家标准化管理委员会}},
  title    = {GB/T 7714-2005: 文后参考文献著录规则},
  year     = {2005},
  address  = {北京},
  publisher= {中国标准出版社},
  language = {chinese}
}